<?xml version="1.0" encoding="UTF-8"?><collection xmlns="http://www.loc.gov/MARC21/slim"><record><leader>00616nam--2200217-u-4500</leader><controlfield tag="001">000050673</controlfield><controlfield tag="002">20161230</controlfield><controlfield tag="005">20161230201048</controlfield><controlfield tag="008">080311s1000------------r-----000-0-eng-d</controlfield><datafield ind1=" " ind2=" " tag="020"><subfield code="a">9780471079354</subfield></datafield><datafield ind1=" " ind2=" " tag="040"><subfield code="a">IFIN-HH</subfield></datafield><datafield ind1=" " ind2=" " tag="080"><subfield code="a">539.2:538.9:001.2</subfield></datafield><datafield ind1="1" ind2=" " tag="100"><subfield code="a">Poole Jr., Charles P</subfield></datafield><datafield ind1="1" ind2="0" tag="245"><subfield code="a">Introduction to Nanotechnology</subfield><subfield code="c">Charles P. Poole Jr.; Frank J. Owens</subfield></datafield><datafield ind1=" " ind2=" " tag="260"><subfield code="a">New Jersey</subfield><subfield code="b">John Wiley</subfield><subfield code="c">2003</subfield></datafield><datafield ind1=" " ind2=" " tag="300"><subfield code="a">388 p</subfield></datafield><datafield ind1=" " ind2=" " tag="504"><subfield code="a">Includes Bibliographical Reference and Index</subfield></datafield><datafield ind1=" " ind2="4" tag="650"><subfield code="a">Carbon Nanostructures</subfield></datafield><datafield ind1="1" ind2=" " tag="700"><subfield code="a">Owens, Frank J</subfield></datafield><datafield ind1=" " ind2=" " tag="852"><subfield code="c">539.2</subfield></datafield><datafield ind1=" " ind2=" " tag="CAT"><subfield code="a">Sys</subfield><subfield code="c">20110120</subfield><subfield code="h">155844</subfield></datafield></record></collection>